<?xml version="1.0"?>
<records xmlns="http://www.openarchives.org/OAI/2.0/">
  <record>
    <header>
      <identifier>oai:mst.rochester.edu:38</identifier>
    </header>
    <metadata>
      <marc:record xmlns:marc="http://www.loc.gov/MARC21/slim" xmlns:xsi="http://www.w3.org/2001/XMLSchema-instance" xsi:schemaLocation="http://www.loc.gov/MARC21/slim http://www.loc.gov/standards/marcxml/schema/MARC21slim.xsd">
        <marc:leader>01328pam a22003610  45 A</marc:leader>
        <marc:controlfield tag="001">147041</marc:controlfield>
        <marc:controlfield tag="008">770201r19771764nyu           000 0aeng  </marc:controlfield>
        <marc:datafield tag="010" ind1=" " ind2=" ">
          <marc:subfield code="a">   77000869 </marc:subfield>
        </marc:datafield>
        <marc:datafield tag="020" ind1=" " ind2=" ">
          <marc:subfield code="a">0824016343 :</marc:subfield>
          <marc:subfield code="c">$25.00</marc:subfield>
        </marc:datafield>
        <marc:datafield tag="035" ind1=" " ind2=" ">
          <marc:subfield code="b">ocl</marc:subfield>
          <marc:subfield code="a">02798668</marc:subfield>
        </marc:datafield>
        <marc:datafield tag="035" ind1=" " ind2=" ">
          <marc:subfield code="9">00043235</marc:subfield>
        </marc:datafield>
        <marc:datafield tag="040" ind1=" " ind2=" ">
          <marc:subfield code="a">DLC</marc:subfield>
          <marc:subfield code="c">DLC</marc:subfield>
          <marc:subfield code="d">RRR</marc:subfield>
        </marc:datafield>
        <marc:datafield tag="043" ind1=" " ind2=" ">
          <marc:subfield code="a">n-us---</marc:subfield>
        </marc:datafield>
        <marc:datafield tag="049" ind1=" " ind2=" ">
          <marc:subfield code="a">RRRR</marc:subfield>
        </marc:datafield>
        <marc:datafield tag="050" ind1="0" ind2=" ">
          <marc:subfield code="a">E85</marc:subfield>
          <marc:subfield code="b">.G2 vol. 10</marc:subfield>
          <marc:subfield code="a">E99.S3</marc:subfield>
        </marc:datafield>
        <marc:datafield tag="090" ind1=" " ind2=" ">
          <marc:subfield code="a">E85</marc:subfield>
          <marc:subfield code="b">.G2 vol. 10</marc:subfield>
        </marc:datafield>
        <marc:datafield tag="099" ind1=" " ind2=" ">
          <marc:subfield code="a">E85 .G2 vol. 10</marc:subfield>
        </marc:datafield>
        <marc:datafield tag="100" ind1="1" ind2=" ">
          <marc:subfield code="a">Henry, William,</marc:subfield>
          <marc:subfield code="d">fl. 1768.</marc:subfield>
        </marc:datafield>
        <marc:datafield tag="245" ind1="1" ind2="0">
          <marc:subfield code="a">Account of the captivity of William Henry.</marc:subfield>
        </marc:datafield>
        <marc:datafield tag="260" ind1=" " ind2=" ">
          <marc:subfield code="a">New York :</marc:subfield>
          <marc:subfield code="b">Garland Pub.,</marc:subfield>
          <marc:subfield code="c">1977.</marc:subfield>
        </marc:datafield>
        <marc:datafield tag="300" ind1=" " ind2=" ">
          <marc:subfield code="a">[2] fold. leaves ;</marc:subfield>
          <marc:subfield code="c">23 cm.</marc:subfield>
        </marc:datafield>
        <marc:datafield tag="490" ind1="1" ind2=" ">
          <marc:subfield code="a">The Garland library of narratives of North American Indian captivities ;</marc:subfield>
          <marc:subfield code="v">v. 10</marc:subfield>
        </marc:datafield>
        <marc:datafield tag="500" ind1=" " ind2=" ">
          <marc:subfield code="a">Reprint of an article which appeared in the London chronicle, v. 23, no. 1798, June 23, 1768, and no. 1799, June 25, 1768.</marc:subfield>
        </marc:datafield>
        <marc:datafield tag="501" ind1=" " ind2=" ">
          <marc:subfield code="a">Issued with the reprint of the 1764 ed. of Saunders, C. The horrid cruelty of the Indians. New York, 1977.</marc:subfield>
        </marc:datafield>
        <marc:datafield tag="600" ind1="1" ind2="0">
          <marc:subfield code="a">Henry, William,</marc:subfield>
          <marc:subfield code="d">fl. 1768.</marc:subfield>
        </marc:datafield>
        <marc:datafield tag="650" ind1=" " ind2="0">
          <marc:subfield code="a">Seneca Indians.</marc:subfield>
        </marc:datafield>
        <marc:datafield tag="650" ind1=" " ind2="0">
          <marc:subfield code="a">Seneca Indians</marc:subfield>
          <marc:subfield code="x">Captivities.</marc:subfield>
        </marc:datafield>
        <marc:datafield tag="650" ind1=" " ind2="0">
          <marc:subfield code="a">Indian captivities.</marc:subfield>
        </marc:datafield>
        <marc:datafield tag="651" ind1=" " ind2="0">
          <marc:subfield code="a">United States</marc:subfield>
          <marc:subfield code="x">Biography.</marc:subfield>
        </marc:datafield>
        <marc:datafield tag="830" ind1=" " ind2="0">
          <marc:subfield code="a">Garland library of narratives of North American Indian captivities ;</marc:subfield>
          <marc:subfield code="v">v. 10</marc:subfield>
        </marc:datafield>
        <marc:datafield tag="910" ind1=" " ind2=" ">
          <marc:subfield code="a">951115</marc:subfield>
        </marc:datafield>
        <marc:datafield tag="911" ind1=" " ind2=" ">
          <marc:subfield code="a">p</marc:subfield>
        </marc:datafield>
        <marc:datafield tag="966" ind1=" " ind2=" ">
          <marc:subfield code="l">Stack</marc:subfield>
          <marc:subfield code="m">RMON</marc:subfield>
          <marc:subfield code="s">E85 .G2 vol. 10</marc:subfield>
        </marc:datafield>
      </marc:record>
    </metadata>
  </record>
</records>
